@book{medidaJSM,
	Author = {San Mart\'in, Jaime},
	Edition = {1},
	Isbn = {9789561125773},
	Publisher = {Editorial Universitaria},
	Title = {Teor\'ia de la Medida},
	Year = {2018}
}

@book{durrett,
    AUTHOR = {Durrett, Rick},
     TITLE = {Probability---theory and examples},
    SERIES = {Cambridge Series in Statistical and Probabilistic Mathematics},
    VOLUME = {49},
      NOTE = {Fifth edition of [ MR1068527]},
 PUBLISHER = {Cambridge University Press, Cambridge},
      YEAR = {2019},
     PAGES = {xii+419},
      ISBN = {978-1-108-47368-2},
   MRCLASS = {60-01 (37A30)},
  MRNUMBER = {3930614},
       DOI = {10.1017/9781108591034},
       URL = {https://doi.org/10.1017/9781108591034},
}
@book{lawler-limic,
    AUTHOR = {Lawler, Gregory F. and Limic, Vlada},
     TITLE = {Random walk: a modern introduction},
    SERIES = {Cambridge Studies in Advanced Mathematics},
    VOLUME = {123},
 PUBLISHER = {Cambridge University Press, Cambridge},
      YEAR = {2010},
     PAGES = {xii+364},
      ISBN = {978-0-521-51918-2},
   MRCLASS = {60G50 (60-02)},
  MRNUMBER = {2677157},
MRREVIEWER = {Andrew R. Wade},
       DOI = {10.1017/CBO9780511750854},
       URL = {https://doi.org/10.1017/CBO9780511750854},
}

